
@article{Altnau2015,
  title = {Climatic signals from 76 shallow firn cores in {{Dronning Maud Land}}, {{East Antarctica}}},
  author = {Altnau, S. and Schlosser, E. and Isaksson, E. and Divine, D.},
  year = {2015},
  volume = {9},
  pages = {925--944},
  issn = {1994-0424},
  doi = {10.5194/tc-9-925-2015},
  journal = {The Cryosphere},
  number = {3}
}

@article{Birks2009,
  title = {Atmospheric circulation controls on precipitation isotope\textendash{}climate relations in western {{Canada}}},
  author = {Birks, S. J. and Edwards, T. W. D.},
  year = {2009},
  volume = {61},
  pages = {566--576},
  issn = {null},
  doi = {10.1111/j.1600-0889.2009.00423.x},
  journal = {Tellus B},
  number = {3}
}

@article{Casado2020,
  title = {Climatic information archived in ice cores: impact of intermittency and diffusion on the recorded isotopic signal in {{Antarctica}}},
  author = {Casado, Mathieu and M{\"u}nch, Thomas and Laepple, Thomas},
  year = {2020},
  volume = {16},
  pages = {1581--1598},
  issn = {1814-9324},
  doi = {10.5194/cp-16-1581-2020},
  journal = {Clim. Past},
  number = {4}
}

@inproceedings{Craig1965,
  title = {Deuterium and oxygen 18 variations in the ocean and the marine atmosphere},
  booktitle = {Stable {{Isotopes}} in {{Oceanographic Studies}} and {{Paleotemperatures}}},
  author = {Craig, Harmon and Gordon, Louis Irwin},
  editor = {Tongiorgi, E.},
  year = {1965},
  pages = {9--130},
  publisher = {{V. Lishi e F., Pisa}},
  series = {Proceedings {{Spoleto}} 1965}
}

@article{Dansgaard1964,
  title = {Stable isotopes in precipitation},
  author = {Dansgaard, W.},
  year = {1964},
  volume = {16},
  pages = {436--468},
  doi = {10.3402/tellusa.v16i4.8993},
  journal = {Tellus},
  number = {4}
}

@article{EPICAcommunitymembers2006,
  title = {One-to-one coupling of glacial climate variability in {{Greenland}} and {{Antarctica}}},
  author = {{EPICA community members}},
  year = {2006},
  volume = {444},
  pages = {195--198},
  issn = {0028-0836},
  doi = {10.1038/nature05301},
  journal = {Nature},
  number = {7116}
}

@article{Fisher1985,
  title = {Stratigraphic {{Noise}} in {{Time Series Derived}} from {{Ice Cores}}},
  author = {Fisher, D. A. and Reeh, Niels and Clausen, H. B.},
  year = {1985},
  volume = {7},
  pages = {76--83},
  issn = {0260-3055},
  doi = {10.1017/S0260305500005942},
  journal = {Ann. Glaciol.},
  number = {1}
}

@article{Goursaud2018,
  title = {Water stable isotope spatio-temporal variability in {{Antarctica}} in 1960\textendash{}2013: observations and simulations from the {{ECHAM5}}-wiso atmospheric general circulation model},
  author = {Goursaud, Sentia and {Masson-Delmotte}, Val{\'e}rie and Favier, Vincent and Orsi, Ana{\"i}s and Werner, Martin},
  year = {2018},
  volume = {14},
  pages = {923--946},
  issn = {1814-9324},
  doi = {10.5194/cp-14-923-2018},
  journal = {Clim. Past},
  number = {6}
}

@article{Jones1997,
  title = {Estimating {{Sampling Errors}} in {{Large}}-{{Scale Temperature Averages}}},
  author = {Jones, P. D. and Osborn, T. J. and Briffa, K. R.},
  year = {1997},
  volume = {10},
  pages = {2548--2568},
  doi = {10.1175/1520-0442(1997)010<2548:ESEILS>2.0.CO;2},
  journal = {J. Clim.},
  number = {10}
}

@article{Jones2014,
  title = {Siple {{Dome}} shallow ice cores: a study in coastal dome microclimatology},
  author = {Jones, T. R. and White, J. W. C. and Popp, T.},
  year = {2014},
  volume = {10},
  pages = {1253--1267},
  issn = {1814-9332},
  doi = {10.5194/cp-10-1253-2014},
  journal = {Clim. Past},
  number = {3}
}

@article{Joussaume1984,
  title = {A general circulation model of water isotope cycles in the atmosphere},
  author = {Joussaume, Sylvie and Sadourny, Robert and Jouzel, Jean},
  year = {1984},
  volume = {311},
  pages = {24--29},
  issn = {0028-0836, 1476-4687},
  doi = {10.1038/311024a0},
  journal = {Nature},
  number = {5981}
}

@article{Jouzel1984,
  title = {Deuterium and {{Oxygen}} 18 in {{Precipitation}}: {{Modeling}} of the {{Isotopic Effects During Snow Formation}}},
  author = {Jouzel, Jean and Merlivat, Liliane},
  year = {1984},
  volume = {89},
  pages = {11749--11757},
  issn = {2156-2202},
  doi = {10.1029/JD089iD07p11749},
  journal = {J. Geophys. Res.},
  number = {D7}
}

@article{Kuttel2012,
  title = {Seasonal climate information preserved in {{West Antarctic}} ice core water isotopes: relationships to temperature, large-scale circulation, and sea ice},
  author = {K{\"u}ttel, Marcel and Steig, Eric J. and Ding, Qinghua and Monaghan, Andrew J. and Battisti, David S.},
  year = {2012},
  volume = {39},
  pages = {1841--1857},
  issn = {1432-0894},
  doi = {10.1007/s00382-012-1460-7},
  journal = {Clim. Dyn.},
  number = {7--8}
}

@article{Laepple2011a,
  title = {Synchronicity of {{Antarctic}} temperatures and local solar insolation on orbital timescales},
  author = {Laepple, Thomas and Werner, Martin and Lohmann, Gerrit},
  year = {2011},
  volume = {471},
  pages = {91--94},
  issn = {0028-0836},
  doi = {10.1038/nature09825},
  journal = {Nature},
  number = {7336}
}

@article{Laepple2018,
  title = {On the similarity and apparent cycles of isotopic variations in {{East Antarctic}} snow pits},
  author = {Laepple, Thomas and M{\"u}nch, Thomas and Casado, Mathieu and Hoerhold, Maria and Landais, Amaelle and Kipfstuhl, Sepp},
  year = {2018},
  volume = {12},
  pages = {169--187},
  issn = {1994-0424},
  doi = {10.5194/tc-12-169-2018},
  journal = {The Cryosphere},
  number = {1}
}

@article{Lorius1969,
  title = {Variation in the {{Mean Deuterium Content}} of {{Precipitations}} in {{Antarctica}}},
  author = {Lorius, C. and Merlivat, L. and Hagemann, R.},
  year = {1969},
  volume = {74},
  pages = {7027--7031},
  issn = {2156-2202},
  doi = {10.1029/JC074i028p07027},
  journal = {J. Geophys. Res.},
  number = {28}
}

@article{Masson-Delmotte2008,
  title = {A {{Review}} of {{Antarctic Surface Snow Isotopic Composition}}: {{Observations}}, {{Atmospheric Circulation}}, and {{Isotopic Modeling}}},
  author = {{Masson-Delmotte}, V. and Hou, S. and Ekaykin, A. and Jouzel, J. and Aristarain, A. and Bernardo, R. T. and Bromwich, D. and Cattani, O. and Delmotte, M. and Falourd, S. and Frezzotti, M. and Gall{\'e}e, H. and Genoni, L. and Isaksson, E. and Landais, A. and Helsen, M. M. and Hoffmann, G. and Lopez, J. and Morgan, V. and Motoyama, H. and Noone, D. and Oerter, H. and Petit, J. R. and Royer, A. and Uemura, R. and Schmidt, G. A. and Schlosser, E. and Sim{\~o}es, J. C. and Steig, E. J. and Stenni, B. and Stievenard, M. and {van den Broeke}, M. R. and {van de Wal}, R. S. W. and {van de Berg}, W. J. and Vimeux, F. and White, J. W. C.},
  year = {2008},
  volume = {21},
  pages = {3359--3387},
  issn = {0894-8755},
  doi = {10.1175/2007JCLI2139.1},
  journal = {J. Climate},
  number = {13}
}

@article{Munch2016,
  title = {Regional climate signal vs. local noise: a~two-dimensional view of water isotopes in {{Antarctic}} firn at {{Kohnen Station}}, {{Dronning Maud Land}}},
  author = {M{\"u}nch, T. and Kipfstuhl, S. and Freitag, J. and Meyer, H. and Laepple, T.},
  year = {2016},
  volume = {12},
  pages = {1565--1581},
  issn = {1814-9332},
  doi = {10.5194/cp-12-1565-2016},
  journal = {Clim. Past},
  number = {7}
}

@article{Munch2017,
  title = {Constraints on post-depositional isotope modifications in {{East Antarctic}} firn from analysing temporal changes of isotope profiles},
  author = {M{\"u}nch, T. and Kipfstuhl, S. and Freitag, J. and Meyer, H. and Laepple, T.},
  year = {2017},
  volume = {11},
  pages = {2175--2188},
  issn = {1994-0424},
  doi = {10.5194/tc-11-2175-2017},
  journal = {The Cryosphere},
  number = {5}
}

@article{Munch2018a,
  title = {What climate signal is contained in decadal- to centennial-scale isotope variations from {{Antarctic}} ice cores?},
  author = {M{\"u}nch, Thomas and Laepple, Thomas},
  year = {2018},
  volume = {14},
  pages = {2053--2070},
  issn = {1814-9324},
  doi = {10.5194/cp-14-2053-2018},
  journal = {Clim. Past},
  number = {12}
}

@article{Persson2011,
  title = {The influence of precipitation weighting on interannual variability of stable water isotopes in {{Greenland}}},
  author = {Persson, A. and Langen, P. L. and Ditlevsen, P. and Vinther, B. M.},
  year = {2011},
  volume = {116},
  issn = {0148-0227},
  doi = {10.1029/2010JD015517},
  journal = {J. Geophys. Res.},
  number = {D20120}
}

@article{Schleiss2015,
  title = {Two {{Simple Metrics}} for {{Quantifying Rainfall Intermittency}}: {{The Burstiness}} and {{Memory}} of {{Interamount Times}}},
  author = {Schleiss, Marc and Smith, James A.},
  year = {2015},
  volume = {17},
  pages = {421--436},
  publisher = {{American Meteorological Society}},
  issn = {1525-755X},
  doi = {10.1175/JHM-D-15-0078.1},
  journal = {J. Hydrometeor.},
  number = {1}
}

@article{Schlosser2004,
  title = {The influence of precipitation origin on the $\delta^{18}$O–${T}$ relationship at Neumayer station, Ekströmisen, Antarctica},
  author = {Schlosser, Elisabeth and Reijmer, Carleen and Oerter, Hans and Graf, Wolfgang},
  year = {2004},
  volume = {39},
  pages = {41-48},
  issn = {0260-3055, 1727-5644},
  doi = {10.3189/172756404781814276},
  journal = {Ann. Glaciol.}
}

@article{Sjolte2011,
  title = {Modeling the water isotopes in {{Greenland}} precipitation 1959\textendash{}2001 with the meso-scale model {{REMO}}-iso},
  author = {Sjolte, J. and Hoffmann, G. and Johnsen, S. J. and Vinther, B. M. and {Masson-Delmotte}, V. and Sturm, C.},
  year = {2011},
  volume = {116},
  pages = {D18105},
  issn = {2156-2202},
  doi = {10.1029/2010JD015287},
  journal = {J. Geophys. Res.},
  number = {D18}
}

@article{Sjolte2018,
  title = {Solar and volcanic forcing of {{North Atlantic}} climate inferred from a process-based reconstruction},
  author = {Sjolte, Jesper and Sturm, Christophe and Adolphi, Florian and Vinther, Bo M. and Werner, Martin and Lohmann, Gerrit and Muscheler, Raimund},
  year = {2018},
  volume = {14},
  pages = {1179--1194},
  issn = {1814-9324},
  doi = {10.5194/cp-14-1179-2018},
  journal = {Clim. Past},
  number = {8}
}

@article{Sodemann2008a,
  title = {Interannual variability of {{Greenland}} winter precipitation sources: 2. {{Effects}} of {{North Atlantic Oscillation}} variability on stable isotopes in precipitation},
  author = {Sodemann, H. and Masson-Delmotte, V. and Schwierz, C. and Vinther, B. M. and Wernli, H.},
  year = {2008},
  volume = {113},
  pages = {D12111},
  issn = {2156-2202},
  doi = {10.1029/2007JD009416},
  journal = {J. Geophys. Res.},
  note = {\_eprint: https://agupubs.onlinelibrary.wiley.com/doi/pdf/10.1029/2007JD009416},
  number = {D12}
}

@article{Steig1994,
  title = {Seasonal {{Precipitation Timing}} and {{Ice Core Records}}},
  author = {Steig, Eric J. and Grootes, Pieter M. and Stuiver, Minze},
  year = {1994},
  volume = {266},
  pages = {1885--1886},
  doi = {10.1126/science.266.5192.1885},
  journal = {Science},
  number = {5192}
}

@article{Stenni2017,
  title = {Antarctic climate variability on regional and continental scales over the last 2000 years},
  author = {Stenni, Barbara and Curran, Mark A. J. and Abram, Nerilie J. and Orsi, Anais and Goursaud, Sentia and {Masson-Delmotte}, Valerie and Neukom, Raphael and Goosse, Hugues and Divine, Dmitry and {van Ommen}, Tas and Steig, Eric J. and Dixon, Daniel A. and Thomas, Elizabeth R. and Bertler, Nancy A. N. and Isaksson, Elisabeth and Ekaykin, Alexey and Werner, Martin and Frezzotti, Massimo},
  year = {2017},
  volume = {13},
  pages = {1609--1634},
  issn = {1814-9332},
  doi = {10.5194/cp-13-1609-2017},
  journal = {Clim. Past},
  number = {11}
}

@article{Werner2011,
  title = {Stable water isotopes in the {{ECHAM5}} general circulation model: {{Toward}} high-resolution isotope modeling on a global scale},
  author = {Werner, Martin and Langebroek, Petra M. and Carlsen, Tim and Herold, Marcus and Lohmann, Gerrit},
  year = {2011},
  volume = {116},
  pages = {D15109},
  issn = {2156-2202},
  doi = {10.1029/2011JD015681},
  journal = {J. Geophys. Res.},
  number = {D15}
}

@article{Werner2016,
  title = {Glacial–interglacial changes in H${}_2{}^{18}$O, HDO and deuterium excess – results from the fully coupled ECHAM5/MPI-OM Earth system model},
  author = {Werner, M. and Haese, B. and Xu, X. and Zhang, X. and Butzin, M. and Lohmann, G.},
  year = {2016},
  volume = {9},
  pages = {647-670},
  issn = {1991-959X},
  doi = {10.5194/gmd-9-647-2016},
  journal = {Geosci. Model Dev.},
  number = {2}
}


@article{Passalacqua2018,
  title = {Brief communication: {{Candidate}} sites of 1.5 {{Myr}} old ice 37 km southwest of the {{Dome C}} summit, {{East Antarctica}}},
  author = {Passalacqua, Olivier and Cavitte, Marie and Gagliardini, Olivier and {Gillet-Chaulet}, Fabien and Parrenin, Fr{\'e}d{\'e}ric and Ritz, Catherine and Young, Duncan},
  year = {2018},
  volume = {12},
  pages = {2167--2174},
  issn = {1994-0416},
  doi = {10.5194/tc-12-2167-2018},
  journal = {The Cryosphere},
  number = {6}
}

